    @book{transf&proj,
        publisher = {Springer},
        isbn = {1-84628-392-2},
        year = {2006},
        title = {Transformations and projections in computer graphics},
        language = {eng},
        address = {London},
        author = {Salomon, David},
        edition = {1},
        keywords = {počítačová grafika vt; vizualizace vt; zpracování obrazů ma; projekce; paralelní projekce; perspektivní projekce; nelineární projekce},
    }

    
    @article{GraphicsPipeline,
        issn = {1054-6618},
        pages = {192--202},
        volume = {30},
        journal = {Pattern recognition and image analysis},
        publisher = {Pleiades Publishing},
        number = {2},
        edition = {1},
        year = {2020},
        title = {Graphics Pipeline Evolution Based on Object Shaders},
        author = {Krasnoproshin, V. and Mazouka, D.},
    }

    @book{RTRend,
        volume = {1},
        isbn = {1138627003},
        year = {2018},
        title = {Real-Time Rendering},
        edition = {4},
        author = {Akenine-Möller, Tomas and Haines, Eric and Hoffman, Naty and Pesce, Angelo and Iwanicki, Michaƚ and Hillaire, Sébastien},
    }
    
    @BOOK{OpenGLPG,
        author =    "Dave Shreiner and Graham Sellers and John Kessenich and Bill Licea-kane",
        title =     "OpenGL Programming Guide: The Official Guide to Learning OpenGL",
        edition =   "8",
        year =      "2013",
        isbn =      "978-0-321-77303-6",
    }

    @webpage{PyOpenGL,
      key =          "PyOpenGL for OpenGL Programmers",
      title =        "PyOpenGL for OpenGL Programmers",
      howpublished = "online",
      url =          "https://pyopengl.sourceforge.net/documentation/opengl_diffs.html",
      cited =        "2023-04-14"
    }

    @webpage{heatmapwiki,
    author = "{Wikipedia contributors}",
    title = "Heat map --- {Wikipedia}{,} The Free Encyclopedia",
    year = "2023",
    url = "https://en.wikipedia.org/w/index.php?title=Heat_map&oldid=1147382059",
    howpublished = "online",
    cited = "2023-04-17"
     }
     
     @webpage{kdtrees,
        author = "GeeksforGeeks",
        title = "Search and Insertion in K Dimensional tree",
        year = "2023",
        url = "https://www.geeksforgeeks.org/search-and-insertion-in-k-dimensional-tree/",
        howpublished = "online",
        cited = "2023-04-17"
     }

     @website{SHimg,
        url = "http://ambisonics10.ircam.fr/drupal/files/proceedings/presentations/O13_46.pdf",
        year = {2010},
        cited = {2023-04-19},
        howpublished = {Conference paper},
        title = {Spherical directivity resonance synthesis},
        language = {eng},
        author = {Andrew W. Schmeder}
    }

    @website{GHMitsuba,
        url = "https://github.com/mitsuba-renderer/mitsuba3/blob/master/README.md",
        year = {2022},
        cited = {2023-04-19},
        howpublished = {online},
        title = {Mitsuba renderer 3 GitHub project},
        language = {eng},
        author = {Wenzel Jakob and Sébastien Speierer and Nicolas Roussel and Merlin Nimier-David and Delio Vicini and Tizian Zeltner and Baptiste Nicolet and Miguel Crespo and Vincent Leroy and Ziyi Zhang}
    }

    @website{DocsMitsuba,
        url = "https://mitsuba.readthedocs.io/en/stable/",
        year = {2022},
        cited = {2023-04-19},
        howpublished = {online},
        title = {Mitsuba renderer 3 Documentation},
        language = {eng},
        author = {Wenzel Jakob and Sébastien Speierer and Nicolas Roussel and Merlin Nimier-David and Delio Vicini and Tizian Zeltner and Baptiste Nicolet and Miguel Crespo and Vincent Leroy and Ziyi Zhang}
    }

    @article{PCImg,
        title = {Feature curve extraction from point clouds via developable strip intersection},
        journal = {Journal of Computational Design and Engineering},
        volume = {3},
        number = {2},
        edition = {1},
        pages = {102-111},
        year = {2016},
        issn = {2288-4300},
        doi = {https://doi.org/10.1016/j.jcde.2015.07.001},
        url = {https://www.sciencedirect.com/science/article/pii/S2288430015000639},
        author = {Kai Wah Lee and Pengbo Bo},
    }

    @inproceedings{Heatmaps_intro,
        series = {Lecture Notes in Computer Science},
        issn = {0302-9743},
        pages = {30--39},
        volume = {5610},
        publisher = {Springer Berlin Heidelberg},
        booktitle = {Human-Computer Interaction. New Trends},
        number = {1},
        isbn = {3642025730},
        year = {2009},
        title = {Informative or Misleading? Heatmaps Deconstructed},
        copyright = {Springer-Verlag Berlin Heidelberg 2009},
        language = {eng},
        address = {Berlin, Heidelberg},
        author = {Bojko, Agnieszka (Aga)},
        keywords = {Attention maps ; Eye tracking ; Heatmaps},
    }

    @incollection{KNNSearch,
        series = {Communications in Computer and Information Science},
        issn = {1865-0929},
        pages = {205--214},
        volume = {1395},
        publisher = {Springer Singapore Pte. Limited},
        booktitle = {Communications in Computer and Information Science},
        isbn = {9811614792},
        year = {2021},
        title = {Optimization of K-Nearest Neighbors for Classification},
        copyright = {Springer Nature Singapore Pte Ltd. 2021},
        language = {eng},
        address = {Singapore},
        author = {Singh, Pradeep Kumar and Veselov, Gennady and Vyatkin, Valeriy and Pljonkin, Anton and Dodero, Juan Manuel and Kumar, Yugal},
        keywords = {Class Confidence Weighted K-Nearest Neighbors ; K-Nearest Neighbors ; Weighted K-Nearest Neighbors},
    }

    @inproceedings{HSH,
        author = {Gautron, Pascal and Krivanek, Jaroslav and Pattanaik, Sumanta and Bouatouch, Kadi},
        title = {A Novel Hemispherical Basis for Accurate and Efficient Rendering},
        year = {2004},
        isbn = {3905673126},
        publisher = {Eurographics Association},
        address = {Goslar, DEU},
        pages = {321–330},
        numpages = {10},
        location = {Norrk\"{o}ping, Sweden},
        series = {EGSR'04}
    }

    @inbook{XML,
        author="Rys, Michael",
        editor="Liu, Ling
        and {\"O}zsu, M. Tamer",
        title="XML Document",
        bookTitle="Encyclopedia of Database Systems",
        year="2018",
        publisher="Springer New York",
        address="New York, NY",
        pages="4748--4748",
        isbn="978-1-4614-8265-9"
    }

    @article{OBJ,
        issn = {1000-9000},
        journal = {Journal of computer science and technology},
        pages = {417--428},
        volume = {33},
        publisher = {Springer US},
        number = {2},
        year = {2018},
        title = {GPU-Driven Scalable Parser for OBJ Models},
        copyright = {Springer Science+Business Media, LLC, part of Springer Nature 2018},
        language = {eng},
        address = {New York},
        author = {Jo, Sunghun and Jeong, Yuna and Lee, Sungkil},
    }

    @inproceedings{wireframeObr,
        issn = {1530-1834},
        pages = {149--155},
        publisher = {IEEE},
        booktitle = {2010 23rd SIBGRAPI Conference on Graphics, Patterns and Images},
        isbn = {9781424484201},
        year = {2010},
        title = {Texture-Based Wireframe Rendering},
        language = {eng},
        author = {Celes, W and Abraham, F},
    }

    @Article{pointClouds,
        AUTHOR = {Kharroubi, Abderrazzaq and Poux, Florent and Ballouch, Zouhair and Hajji, Rafika and Billen, Roland},
        TITLE = {Three Dimensional Change Detection Using Point Clouds: A Review},
        JOURNAL = {Geomatics},
        VOLUME = {2},
        YEAR = {2022},
        NUMBER = {4},
        PAGES = {457--485},
        URL = {https://www.mdpi.com/2673-7418/2/4/25},
        ISSN = {2673-7418},
    }